<record><leader>00000cas a22000007a 4500</leader><controlfield tag="001">17655461</controlfield><controlfield tag="008">880321d19151926ohudn ne      0    0eng d</controlfield><datafield ind1=" " ind2=" " tag="010"><subfield code="a">sn 88078320 </subfield></datafield><datafield ind1=" " ind2=" " tag="040"><subfield code="a">ONP</subfield><subfield code="b">eng</subfield><subfield code="c">ONP</subfield><subfield code="d">OCLCQ</subfield></datafield><datafield ind1=" " ind2=" " tag="042"><subfield code="a">msc</subfield></datafield><datafield ind1="0" ind2=" " tag="130"><subfield code="a">Daily leader (East Palestine, Ohio)</subfield></datafield><datafield ind1="1" ind2="4" tag="245"><subfield code="a">The Daily leader.</subfield></datafield><datafield ind1=" " ind2=" " tag="260"><subfield code="a">East Palestine, Ohio :</subfield><subfield code="b">Leader Pub. Co.,</subfield><subfield code="c">1915-1926.</subfield></datafield><datafield ind1=" " ind2=" " tag="300"><subfield code="a">v.</subfield></datafield><datafield ind1=" " ind2=" " tag="310"><subfield code="a">Daily (except Sun.)</subfield></datafield><datafield ind1="0" ind2=" " tag="362"><subfield code="a">Vol. 1, no. 1 (May 1, 1915)-Nov. 17, 1926.</subfield></datafield><datafield ind1=" " ind2=" " tag="580"><subfield code="a">Weekly ed.: Reveille echo, 1915-1922.</subfield></datafield><datafield ind1=" " ind2=" " tag="752"><subfield code="a">United States</subfield><subfield code="b">Ohio</subfield><subfield code="c">Columbiana</subfield><subfield code="d">East Palestine.</subfield></datafield><datafield ind1="1" ind2=" " tag="775"><subfield code="t">Reveille echo</subfield><subfield code="w">(DLC)sn 88078323</subfield></datafield><datafield ind1="0" ind2="0" tag="785"><subfield code="t">East Palestine daily leader</subfield><subfield code="w">(DLC)sn 88078319</subfield></datafield></record>